
@article{Myneni2020,
  title={DAPT 2020 - Constructing a Benchmark
Dataset for Advanced Persistent Threats},
  author={Sowmya Myneni and Ankur Chowdhary and Abdulhakim Sabur and Sailik Sengupta and Garima Agrawal and Dijiang Huang and Myong Kang},
  journal={Communications in Computer and Information Science},
  volume={vol. 1271},
  number={July},
  pages={p138-163},
  year={2020}
}

@unpublished{Dijk2021,
  title={Detection of Advanced Persistent Threats using
Artificial Intelligence for Deep Packet Inspection},
  author={Allard Dijk},
  note={\textit{Given during lectures at the Netherlands Defence Academy}},
  year={2021}
}

@article{Behrens1997,
title={Principles and Procedures of Exploratory Data Analysis},
author={John T. Behrens},
journal={Psychological methods},
volume={Vol.2},
numer={No.2},
pages={p131-160},
year={1997}
}